@Article{baugh-scp-2018,
  title =        "Formal methods and finite element analysis of
                 hurricane storm surge: {A} case study in software
                 verification",
  author =       "John Baugh and Alper Altuntas",
  journal =      "Science of Computer Programming",
  volume =       "158",
  pages =        "100--121",
  year =         "2018",
}

@Unpublished{boyatt2008,
  booktitle =    "Formal Methods in Computer Science Education",
  month =        apr,
  title =        "Experiences of teaching a lightweight formal method",
  author =       "Russell Boyatt and Jane Sinclair",
  year =         "2008",
}

@Article{couto2018,
  title =        "Improving the Visualization of {A}lloy Instances",
  volume =       "284",
  journal =      "Electronic Proceedings in Theoretical Computer
                 Science",
  publisher =    "Open Publishing Association",
  author =       "Rui Couto and others",
  year =         "2018",
  month =        nov,
  pages =        "37â€“52",
}

@inproceedings{dyer2019,
author = {Dyer, Tristan and Altuntas, Alper and Baugh, John},
title = {Bounded verification of sparse matrix computations},
booktitle = {Proceedings of the Third International Workshop on
  Software Correctness for {HPC} Applications, {Correctness'19}},
year = {2019},
isbn = {978-1-7281-6015-3},
location = {Denver, CO, USA},
pages = {36--43},
publisher = {IEEE/ACM}
}

@InProceedings{gammaitoni2014,
  author =       "Lo{\"{i}}c Gammaitoni and Pierre Kelsen",
  title =        "Domain-Specific Visualization of {A}lloy Instances",
  booktitle =    "Abstract State Machines, Alloy, B, TLA, VDM, and Z",
  year =         "2014",
  publisher =    "Springer Berlin Heidelberg",
  pages =        "324--327",
}

@Book{jackson2012,
  author =       "Daniel Jackson",
  title =        "Software Abstractions: Logic, Language, and Analysis",
  year =         "2012",
  publisher =    "The MIT Press",
}

@InProceedings{ladenberger2016,
  author =       "Lukas Ladenberger and Michael Leuschel",
  title =        "{BM}otionWeb: {A} Tool for Rapid Creation of Formal
                 Prototypes",
  booktitle =    "Software Engineering and Formal Methods",
  year =         "2016",
  publisher =    "Springer International Publishing",
  pages =        "403--417",
}

@Article{macedo2019,
  title =        "Sharing and Learning {A}lloy on the Web",
  author =       "Nuno Macedo and others",
  journal =      "ArXiv",
  year =         "2019",
  volume =       "abs/1907.02275",
}

@Article{misue1995,
  title =        "Layout Adjustment and the Mental Map",
  journal =      "Journal of Visual Languages \& Computing",
  volume =       "6",
  number =       "2",
  pages =        "183--210",
  year =         "1995",
  ISSN =         "1045-926X",
  author =       "Kazuo Misue and Peter Eades and Wei Lai and Kozo
                 Sugiyama",
}

@Misc{npm,
  title = "Node Package Manager",
  howpublished = {\url{https://www.npmjs.com}},
  note = {Last accessed 12 Feb 2021}
}

@Article{rayside2007,
  title =        "Automatic Visualization of Relational Logic Models",
  author =       "Derek Rayside and Felix Sheng-Ho Chang and Greg Dennis
                 and Robert Seater and Daniel Jackson",
  journal =      "ECEASST",
  year =         "2007",
  volume =       "7",
}

@Misc{viola2019,
  title =        "Visual Abstraction",
  author =       "Ivan Viola and Min Chen and Tobias Isenberg",
  year =         "2019",
  eprint =       "1910.03310",
  archiveprefix = "arXiv",
  primaryclass = "cs.GR",
}

@TechReport{zaman2013,
  title =        "Improved Visualization of Relational Logic Models",
  institution =  "University of Waterloo",
  number =       "CS-2013-04",
  author =       "Atulan Zaman and others",
  year =         "2013",
}

@Article{zave2012,
  title =        "Using lightweight modeling to understand chord",
  author =       "Pamela Zave",
  journal =      "Computer Communication Review",
  year =         "2012",
  volume =       "42",
  pages =        "49--57",
}

@Article{zave2015,
  author =       "Pamela Zave",
  title =        "A practical comparison of {Alloy} and {Spin}",
  journal =      "Formal Aspects of Computing",
  year =         "2015",
  month =        mar,
  day =          "01",
  volume =       "27",
  number =       "2",
  pages =        "239--253",
}

@book{wickens2003,
  author =       "Christopher D. Wickens and John Lee and Yili D. Liu and Sallie Gordon-Becker",
  title =        "Introduction to Human Factors Engineering (2nd Edition)",
  year =         "2003",
  publisher =    "Prentice-Hall, Inc."
}